<record><leader>00000cas a2200000 a 4500</leader><controlfield tag="001">2269247</controlfield><controlfield tag="008">760620d17971876vaucr ne      0    0eng c</controlfield><datafield ind1=" " ind2=" " tag="010"><subfield code="a">sn 83045421 </subfield></datafield><datafield ind1=" " ind2=" " tag="040"><subfield code="a">PIT</subfield><subfield code="b">eng</subfield><subfield code="c">PIT</subfield><subfield code="d">NPW</subfield><subfield code="d">NPV</subfield><subfield code="d">NPX</subfield><subfield code="d">NPU</subfield><subfield code="d">DLC</subfield><subfield code="d">NPH</subfield><subfield code="d">NVF</subfield><subfield code="d">CNK</subfield><subfield code="d">MGN</subfield><subfield code="d">NVK</subfield><subfield code="d">NVF</subfield><subfield code="d">NVK</subfield><subfield code="d">OCL</subfield><subfield code="d">CVF</subfield><subfield code="d">OCLCQ</subfield><subfield code="d">DLC</subfield><subfield code="d">CRL</subfield><subfield code="d">KRTAS</subfield><subfield code="d">DLC</subfield><subfield code="d">OCLCQ</subfield><subfield code="d">OCLCF</subfield></datafield><datafield ind1="1" ind2=" " tag="029"><subfield code="a">AU@</subfield><subfield code="b">000041615067</subfield></datafield><datafield ind1=" " ind2=" " tag="042"><subfield code="a">pcc</subfield></datafield><datafield ind1=" " ind2=" " tag="043"><subfield code="a">n-us-va</subfield></datafield><datafield ind1="0" ind2="0" tag="050"><subfield code="a">Newspaper</subfield></datafield><datafield ind1="0" ind2=" " tag="130"><subfield code="a">Virginia herald (Fredericksburg, Va.)</subfield></datafield><datafield ind1="1" ind2="4" tag="245"><subfield code="a">The Virginia herald.</subfield></datafield><datafield ind1="1" ind2="3" tag="246"><subfield code="a">Semi-weekly herald</subfield></datafield><datafield ind1="1" ind2="3" tag="246"><subfield code="a">Herald</subfield></datafield><datafield ind1=" " ind2=" " tag="260"><subfield code="a">Fredericksburg [Va.] :</subfield><subfield code="b">T. Green,</subfield><subfield code="c">-1876.</subfield></datafield><datafield ind1=" " ind2=" " tag="300"><subfield code="a">volumes ;</subfield><subfield code="c">45 cm</subfield></datafield><datafield ind1=" " ind2=" " tag="310"><subfield code="a">Semiweekly</subfield></datafield><datafield ind1=" " ind2=" " tag="336"><subfield code="a">text</subfield><subfield code="b">txt</subfield><subfield code="2">rdacontent</subfield></datafield><datafield ind1=" " ind2=" " tag="337"><subfield code="a">unmediated</subfield><subfield code="b">n</subfield><subfield code="2">rdamedia</subfield></datafield><datafield ind1=" " ind2=" " tag="338"><subfield code="a">volume</subfield><subfield code="b">nc</subfield><subfield code="2">rdacarrier</subfield></datafield><datafield ind1="1" ind2=" " tag="362"><subfield code="a">Began Aug. 23, 1797.</subfield></datafield><datafield ind1="0" ind2=" " tag="362"><subfield code="a">-v.90, no. 103 (Dec. 28, 1876).</subfield></datafield><datafield ind1=" " ind2=" " tag="500"><subfield code="a">Editor: J. Harrison Kelly, &lt;1862&gt;.</subfield></datafield><datafield ind1=" " ind2=" " tag="500"><subfield code="a">Publishers: Green &amp; Cady, &lt;1812&gt;; W.F. Gray, &lt;1815&gt;-June 28, 1817; Green and Harrow, July 2, 1817; Timothy Green, &lt;1819&gt;; James D. Harrow, &lt;1820-1840&gt;; J. Harrison Kelly, &lt;1854-1874&gt;.</subfield></datafield><datafield ind1=" " ind2=" " tag="515"><subfield code="a">Suspended Nov. 29, 1862-Jan. 1866? Cf. Gregory, W. Amer. newspapers.</subfield></datafield><datafield ind1=" " ind2=" " tag="515"><subfield code="a">New ser. Vol. 1, no. 1 (July 1, 1815)-new ser v. 2, no. 103 (June 28, 1817) ; New ser. Vol. 1, no. 1 (July 2, 1817)-</subfield></datafield><datafield ind1=" " ind2=" " tag="530"><subfield code="a">Available on microfilm from the Library of Congress, Photoduplication Service; Bell &amp; Howell, Micro Photo Div.; Mary Washington College, Fredericksburg, Va.; Recordak; Library of Virginia; and Readex.</subfield></datafield><datafield ind1=" " ind2=" " tag="588"><subfield code="a">Description based on: Vol. 11, no. 655 (Aug. 30, 1797).</subfield></datafield><datafield ind1=" " ind2="0" tag="651"><subfield code="a">Fredericksburg (Va.)</subfield><subfield code="v">Newspapers.</subfield></datafield><datafield ind1=" " ind2="7" tag="655"><subfield code="a">Newspapers.</subfield><subfield code="2">fast</subfield><subfield code="0">(OCoLC)fst01423814</subfield></datafield><datafield ind1=" " ind2="7" tag="651"><subfield code="a">Virginia</subfield><subfield code="z">Fredericksburg.</subfield><subfield code="2">fast</subfield><subfield code="0">(OCoLC)fst01206326</subfield></datafield><datafield ind1="1" ind2=" " tag="700"><subfield code="a">Green, Timothy,</subfield><subfield code="d">1763-1851.</subfield></datafield><datafield ind1="1" ind2=" " tag="700"><subfield code="a">Cady, Ebenezer Pemberton,</subfield><subfield code="d">1783-1828.</subfield></datafield><datafield ind1="1" ind2=" " tag="700"><subfield code="a">Gray, William Fairfax,</subfield><subfield code="d">1787-1841.</subfield></datafield><datafield ind1="1" ind2=" " tag="700"><subfield code="a">Harrow, James D.,</subfield><subfield code="d">1789-1851.</subfield></datafield><datafield ind1=" " ind2=" " tag="752"><subfield code="a">United States</subfield><subfield code="b">Virginia</subfield><subfield code="d">Fredericksburg.</subfield></datafield><datafield ind1="0" ind2="0" tag="780"><subfield code="t">Virginia herald, and Fredericksburg &amp; Falmouth advertiser</subfield><subfield code="w">(DLC)sn 84024690</subfield><subfield code="w">(OCoLC)11010176</subfield></datafield><datafield ind1=" " ind2=" " tag="938"><subfield code="a">Kirtas Technologies, Inc.</subfield><subfield code="b">KRTS</subfield><subfield code="n">735732</subfield></datafield></record>